<record><leader>00000cas a2200000 a 4500</leader><controlfield tag="001">6954744</controlfield><controlfield tag="008">801119d19801984coudr ne      0   a0eng d</controlfield><datafield ind1=" " ind2=" " tag="010"><subfield code="a">sn 80002908 </subfield></datafield><datafield ind1=" " ind2=" " tag="040"><subfield code="a">NSD</subfield><subfield code="b">eng</subfield><subfield code="c">NSD</subfield><subfield code="d">CNQ</subfield><subfield code="d">OCL</subfield><subfield code="d">CQU</subfield><subfield code="d">OCLCQ</subfield><subfield code="d">OCLCO</subfield></datafield><datafield ind1=" " ind2=" " tag="012"><subfield code="k">1</subfield><subfield code="l">1</subfield><subfield code="m">1</subfield></datafield><datafield ind1="1" ind2=" " tag="022"><subfield code="a">0273-8260</subfield><subfield code="l">0273-8260</subfield><subfield code="2">1</subfield></datafield><datafield ind1=" " ind2=" " tag="032"><subfield code="a">205660</subfield><subfield code="b">USPS</subfield></datafield><datafield ind1=" " ind2=" " tag="042"><subfield code="a">msc</subfield><subfield code="a">nsdp</subfield></datafield><datafield ind1="0" ind2=" " tag="130"><subfield code="a">Coloradoan (Fort Collins, Colo.)</subfield></datafield><datafield ind1=" " ind2="4" tag="222"><subfield code="a">The Coloradoan</subfield></datafield><datafield ind1="0" ind2="4" tag="245"><subfield code="a">The Coloradoan.</subfield></datafield><datafield ind1=" " ind2=" " tag="260"><subfield code="a">Fort Collins, Colo. :</subfield><subfield code="b">Fort Collins Newspapers, Inc.,</subfield></datafield><datafield ind1=" " ind2=" " tag="300"><subfield code="a">v.</subfield></datafield><datafield ind1=" " ind2=" " tag="310"><subfield code="a">Daily</subfield></datafield><datafield ind1="0" ind2=" " tag="362"><subfield code="a">Sept. 21, 1980-Mar. 10, 1984.</subfield></datafield><datafield ind1=" " ind2=" " tag="530"><subfield code="a">Available on microfilm from the Colorado Historical Society.</subfield></datafield><datafield ind1=" " ind2="0" tag="650"><subfield code="a">American newspapers</subfield><subfield code="z">Colorado</subfield><subfield code="z">Fort Collins.</subfield></datafield><datafield ind1=" " ind2="0" tag="650"><subfield code="a">Serial newspaper.</subfield></datafield><datafield ind1=" " ind2="0" tag="651"><subfield code="a">Fort Collins (Colo.)</subfield><subfield code="v">Periodicals.</subfield></datafield><datafield ind1=" " ind2=" " tag="752"><subfield code="a">United States</subfield><subfield code="b">Colorado</subfield><subfield code="c">Larimer</subfield><subfield code="d">Fort Collins.</subfield></datafield><datafield ind1="0" ind2="0" tag="780"><subfield code="t">Fort Collins Coloradoan (Fort Collins, Colo. : 1966)</subfield><subfield code="w">(DLC)sn  7806143</subfield></datafield><datafield ind1="0" ind2="0" tag="785"><subfield code="t">Fort Collins Coloradoan (Fort Collins, Colo. : 1984)</subfield><subfield code="w">(DLC)sn 91052232</subfield></datafield><datafield ind1=" " ind2=" " tag="936"><subfield code="a">June 1, 1983</subfield></datafield></record>